

@book{introductionboost,
title={Beyond the C++ Standard Library an Introduction to Boost},
author={Bj√∂rn Karlsson},
  year={2006},
  publisher={Upper Saddle River (N.J.) : Addison-Wesley, cop. 2006},
	url={http://www.sudoc.fr/093832540}
}

@manual{boostdocumentation,
title={Official Documentation  Boost},
author={Beman Dawes, David Abrahams, Rene Rivera},
note={Revised Date 2010-05-06},
year={2012}
}

@manual{dgtaldocumentation,
title={Official Documentation DGtal},
author={David Coeurjolly,Jacques-Olivier Lachaud},
note={0.5.1 version},
year={2012},
url={http://libdgtal.org/doc/stable/}
}

@conference{davidcoeurjollypresentation,
title={Presentation du CNRS},
url={https://liris.cnrs.fr/dgtal/wordpress/wp-content/uploads/2010/10/presentationDGtalMeeting2012.pdf},
author={David Coeurjolly},
year={2012}
}





@book{demming2010introduction,
  title={Introduction to the Boost C++ Libraries; Volume I-Foundations},
  author={Demming, R. and Duffy, D.J.},
  year={2010},
  publisher={Datasim Education BV}
}

@inproceedings{dgci2011,
	Author = {Normand, Nicolas and Strand, Robin and Evenou, Pierre and Arlicot, Aurore},
	Doi = {10.1007/978-3-642-19867-0_17},
	Hal = {http://hal.archives-ouvertes.fr/hal-00581815/},
	Pages = {199-210},
	Title = {Path-Based Distance with Varying Weights and Neighborhood Sequences}}
